@misc{xu2023parameterefficient,
      title={Parameter-Efficient Fine-Tuning Methods for Pretrained Language Models: A Critical Review and Assessment}, 
      author={Lingling Xu and Haoran Xie and Si-Zhao Joe Qin and Xiaohui Tao and Fu Lee Wang},
      year={2023},
      eprint={2312.12148},
      archivePrefix={arXiv},
      primaryClass={cs.CL}
}

@misc{hu2021lora,
      title={LoRA: Low-Rank Adaptation of Large Language Models}, 
      author={Edward J. Hu and Yelong Shen and Phillip Wallis and Zeyuan Allen-Zhu and Yuanzhi Li and Shean Wang and Lu Wang and Weizhu Chen},
      year={2021},
      eprint={2106.09685},
      archivePrefix={arXiv},
      primaryClass={cs.CL}
}

@misc{lester2021power,
      title={The Power of Scale for Parameter-Efficient Prompt Tuning}, 
      author={Brian Lester and Rami Al-Rfou and Noah Constant},
      year={2021},
      eprint={2104.08691},
      archivePrefix={arXiv},
      primaryClass={cs.CL}
}
@misc{zaken2022bitfit,
      title={BitFit: Simple Parameter-efficient Fine-tuning for Transformer-based Masked Language-models}, 
      author={Elad Ben Zaken and Shauli Ravfogel and Yoav Goldberg},
      year={2022},
      eprint={2106.10199},
      archivePrefix={arXiv},
      primaryClass={cs.LG}
}

@misc{devlin2019bert,
      title={BERT: Pre-training of Deep Bidirectional Transformers for Language Understanding}, 
      author={Jacob Devlin and Ming-Wei Chang and Kenton Lee and Kristina Toutanova},
      year={2019},
      eprint={1810.04805},
      archivePrefix={arXiv},
      primaryClass={cs.CL}
}

@misc{vaswani2017attention,
      title={Attention Is All You Need}, 
      author={Ashish Vaswani and Noam Shazeer and Niki Parmar and Jakob Uszkoreit and Llion Jones and Aidan N. Gomez and Lukasz Kaiser and Illia Polosukhin},
      year={2017},
      eprint={1706.03762},
      archivePrefix={arXiv},
      primaryClass={cs.CL}
}

@misc{radford2018gpt,
  title={Improving Language Understanding by Generative Pre-Training},
  author={Alec Radford and Karthik Narasimhan},
  year={2018},
}
@misc{openai2024gpt4,
      title={GPT-4 Technical Report}, 
      author={OpenAI},
      year={2024},
      eprint={2303.08774},
      archivePrefix={arXiv},
      primaryClass={cs.CL}
}

@misc{talmor2019commonsenseqa,
      title={CommonsenseQA: A Question Answering Challenge Targeting Commonsense Knowledge}, 
      author={Alon Talmor and Jonathan Herzig and Nicholas Lourie and Jonathan Berant},
      year={2019},
      eprint={1811.00937},
      archivePrefix={arXiv},
      primaryClass={cs.CL}
}

@inproceedings{pradhan2012conll,
  title={CoNLL-2012 shared task: Modeling multilingual unrestricted coreference in OntoNotes},
  author={Pradhan, Sameer and Moschitti, Alessandro and Xue, Nianwen and Uryupina, Olga and Zhang, Yuchen},
  booktitle={Joint conference on EMNLP and CoNLL-shared task},
  pages={1--40},
  year={2012}
}
@misc{hermann2015teaching,
      title={Teaching Machines to Read and Comprehend}, 
      author={Karl Moritz Hermann and Tomáš Kočiský and Edward Grefenstette and Lasse Espeholt and Will Kay and Mustafa Suleyman and Phil Blunsom},
      year={2015},
      eprint={1506.03340},
      archivePrefix={arXiv},
      primaryClass={cs.CL}
}

@InProceedings{narayan2018xsum,
  author =      "Shashi Narayan and Shay B. Cohen and Mirella Lapata",
  title =       "Don't Give Me the Details, Just the Summary! {T}opic-Aware Convolutional Neural Networks for Extreme Summarization",
  booktitle =   "Proceedings of the 2018 Conference on Empirical Methods in Natural Language Processing ",
  year =        "2018",
  address =     "Brussels, Belgium",
}

@InProceedings{maas2011sentiment,
  author    = {Maas, Andrew L.  and  Daly, Raymond E.  and  Pham, Peter T.  and  Huang, Dan  and  Ng, Andrew Y.  and  Potts, Christopher},
  title     = {Learning Word Vectors for Sentiment Analysis},
  booktitle = {Proceedings of the 49th Annual Meeting of the Association for Computational Linguistics: Human Language Technologies},
  month     = {June},
  year      = {2011},
  address   = {Portland, Oregon, USA},
  publisher = {Association for Computational Linguistics},
  pages     = {142--150},
  url       = {http://www.aclweb.org/anthology/P11-1015}
}

@inproceedings{robnik2022superglue,
    title = "{S}lovene {S}uper{GLUE} Benchmark: Translation and Evaluation",
    author = "{\v{Z}}agar, Ale{\v{s}}  and
      Robnik-{\v{S}}ikonja, Marko",
    booktitle = "Proceedings of the Thirteenth Language Resources and Evaluation Conference",
    month = jun,
    year = "2022",
    address = "Marseille, France",
    publisher = "European Language Resources Association",
    url = "https://aclanthology.org/2022.lrec-1.221",
    pages = "2058--2065",
}